<?xml version = "1.0" encoding = "UTF-8"?><OAI-PMH xmlns="http://www.openarchives.org/OAI/2.0/" xmlns:xsi="http://www.w3.org/2001/XMLSchema-instance" xsi:schemaLocation="http://www.openarchives.org/OAI/2.0/ http://www.openarchives.org/OAI/2.0/OAI-PMH.xsd"><ListRecords><record><header><identifier>aleph-publish:015601477</identifier></header><metadata><record xmlns="http://www.ddb.de/professionell/mabxml/mabxml-1.xsd"><leader>------M2.01200024------h</leader><controlfield tag="LDR">------M2.01200024------h</controlfield><controlfield tag="FMT">MH</controlfield><datafield tag="001" ind1="-" ind2="1"><subfield code="a">HT015010090</subfield></datafield><datafield tag="002" ind1="a" ind2="1"><subfield code="a">20070307</subfield></datafield><datafield tag="003" ind1="-" ind2="1"><subfield code="a">20190712</subfield></datafield><controlfield tag="030">a|1uc||||||37</controlfield><datafield tag="036" ind1="a" ind2="1"><subfield code="a">DE</subfield></datafield><datafield tag="037" ind1="b" ind2="1"><subfield code="a">ger</subfield></datafield><controlfield tag="050">||||||||g|||||</controlfield><controlfield tag="051">my|||||||||||||</controlfield><datafield tag="070" ind1="-" ind2="1"><subfield code="a">929</subfield></datafield><datafield tag="078" ind1="r" ind2="1"><subfield code="a">929: edoweb</subfield></datafield><datafield tag="080" ind1="-" ind2="1"><subfield code="a">60</subfield></datafield><datafield tag="100" ind1="b" ind2="1"><subfield code="p">Haupt, Dirk</subfield><subfield code="d">1965-</subfield><subfield code="9">(DE-588)120839865</subfield></datafield><datafield tag="200" ind1="b" ind2="1"><subfield code="k">Rheinland-Pfalz</subfield><subfield code="b">Ministerium für Wirtschaft, Verkehr, Landwirtschaft und Weinbau</subfield><subfield code="9">(DE-588)5123626-6</subfield></datafield><datafield tag="201" ind1="-" ind2="1"><subfield code="k">Rheinland-Pfalz</subfield><subfield code="b">Minister für Wirtschaft, Verkehr, Landwirtschaft und Weinbau</subfield></datafield><datafield tag="201" ind1="-" ind2="1"><subfield code="k">Rheinland-Pfalz</subfield><subfield code="b">Ministry of Economics, Transportation, Agriculture and Viniculture</subfield></datafield><datafield tag="201" ind1="-" ind2="1"><subfield code="k">Rheinland-Pfalz</subfield><subfield code="b">Minister for Economic Affairs, Transportation, Agriculture and Viniculture</subfield></datafield><datafield tag="201" ind1="-" ind2="1"><subfield code="k">Ministerium für Wirtschaft, Verkehr, Landwirtschaft und Weinbau</subfield><subfield code="h">Rheinland-Pfalz</subfield></datafield><datafield tag="201" ind1="-" ind2="1"><subfield code="k">Ministerium für Wirtschaft, Verkehr, Landwirtschaft und Weinbau Rheinland-Pfalz</subfield></datafield><datafield tag="201" ind1="-" ind2="1"><subfield code="k">Minister für Wirtschaft, Verkehr, Landwirtschaft und Weinbau</subfield><subfield code="h">Rheinland-Pfalz</subfield></datafield><datafield tag="201" ind1="-" ind2="1"><subfield code="k">Minister for Economic Affairs, Transportation, Agriculture and Viniculture</subfield><subfield code="h">Rheinland-Pfalz</subfield></datafield><datafield tag="201" ind1="-" ind2="1"><subfield code="k">Ministry of Economics, Transportation, Agriculture and Viniculture</subfield><subfield code="h">Rheinland-Pfalz</subfield></datafield><datafield tag="201" ind1="-" ind2="1"><subfield code="k">Ministry of Economics Affairs, Transport, Agriculture and Viniculture</subfield><subfield code="h">Rheinland-Pfalz</subfield></datafield><datafield tag="201" ind1="-" ind2="1"><subfield code="k">MWVLW</subfield></datafield><datafield tag="201" ind1="-" ind2="1"><subfield code="k">MWVLW-RLP</subfield></datafield><datafield tag="201" ind1="-" ind2="1"><subfield code="k">Rheinland-Pfalz</subfield><subfield code="b">Ministerium für Wirtschaft, Verkehr, Landwirtschaft und Weinbau</subfield><subfield code="b">Landeskulturverwaltung</subfield></datafield><datafield tag="201" ind1="-" ind2="1"><subfield code="k">Rheinland-Pfalz</subfield><subfield code="b">Ministerium für Wirtschaft, Verkehr, Landwirtschaft und Weinbau</subfield><subfield code="b">Abteilung Verkehr und Straßenbau</subfield></datafield><datafield tag="201" ind1="-" ind2="1"><subfield code="k">Rheinland-Pfalz</subfield><subfield code="b">Ministerium für Wirtschaft, Verkehr, Landwirtschaft und Weinbau</subfield><subfield code="b">Referat Regionale und Sektorale Strukturpolitik</subfield></datafield><datafield tag="201" ind1="-" ind2="1"><subfield code="k">Rheinland-Pfalz</subfield><subfield code="b">Ministerium für Wirtschaft, Verkehr, Landwirtschaft und Weinbau</subfield><subfield code="b">Arbeitsgruppe Tiergerechte Pferdehaltung</subfield></datafield><datafield tag="331" ind1="-" ind2="1"><subfield code="a">Weißweinstudie</subfield></datafield><datafield tag="334" ind1="-" ind2="1"><subfield code="a">Elektronische Ressource</subfield></datafield><datafield tag="335" ind1="-" ind2="1"><subfield code="a">Repräsentative Verbraucheruntersuchung ; Zielgruppen und Präferenzen</subfield></datafield><datafield tag="359" ind1="-" ind2="1"><subfield code="a">Hrsg.: Ministerium für Wirtschaft, Verkehr, Landwirtschaft und Weinbau Rheinland-Pfalz ; Red.: Dirk Haupt</subfield></datafield><datafield tag="410" ind1="-" ind2="1"><subfield code="a">[Mainz]</subfield></datafield><datafield tag="425" ind1="-" ind2="1"><subfield code="a">[2006]</subfield></datafield><datafield tag="425" ind1="a" ind2="1"><subfield code="a">2006</subfield></datafield><datafield tag="433" ind1="-" ind2="1"><subfield code="a">122 S. : Ill., graph. Darst.</subfield></datafield><datafield tag="552" ind1="b" ind2="1"><subfield code="a">urn:nbn:de:hbz:929:02-edoweb:17507853</subfield></datafield><datafield tag="652" ind1="a" ind2="1"><subfield code="a">Archivierte Online-Ressource</subfield></datafield><datafield tag="655" ind1="e" ind2="1"><subfield code="u">https://www.edoweb-rlp.de/resource/edoweb:1750785</subfield><subfield code="x">Archivierte Online-Ressource</subfield><subfield code="A">0</subfield></datafield><datafield tag="655" ind1="e" ind2="1"><subfield code="x">kostenfrei; Langzeitarchivierung</subfield></datafield><datafield tag="700" ind1="l" ind2="1"><subfield code="a">rpb544360</subfield></datafield><datafield tag="700" ind1="l" ind2="1"><subfield code="a">680</subfield></datafield><datafield tag="700" ind1="b" ind2="1"><subfield code="a">630</subfield></datafield><datafield tag="710" ind1="-" ind2="1"><subfield code="a">Weinmarketing, Umfrage, Konsumverhalten</subfield></datafield><controlfield tag="SYS">015601477</controlfield><datafield tag="LOW" ind1="-" ind2="1"><subfield code="a">R0001</subfield></datafield><datafield tag="088" ind1=" " ind2=" "><subfield code="a">929</subfield></datafield></record></metadata></record></ListRecords></OAI-PMH>